<?xml version="1.0" encoding="UTF-8"?><collection xmlns="http://www.loc.gov/MARC21/slim"><record><leader>00396nam--2200133-i-4500</leader><controlfield tag="001">000032268</controlfield><controlfield tag="002">20161230</controlfield><controlfield tag="005">20161230201039</controlfield><controlfield tag="008">060222s1000------------r-----000-0-eng-d</controlfield><datafield ind1=" " ind2=" " tag="080"><subfield code="a">539.125.4.14</subfield></datafield><datafield ind1=" " ind2=" " tag="100"><subfield code="a">Mazzanti, P., Venturi, G.And Zerbini, S</subfield></datafield><datafield ind1=" " ind2=" " tag="245"><subfield code="a">Spin dependent finite energy sum rules and light cone commutators</subfield></datafield><datafield ind1=" " ind2=" " tag="260"><subfield code="a">Bologna, Instituto Di Fisica, /F.An/, 16p</subfield></datafield><datafield ind1=" " ind2=" " tag="852"><subfield code="a">19418</subfield></datafield></record></collection>